@article{moosavi2017universal,
  title={Universal adversarial perturbations},
  author={Moosavi-Dezfooli, Seyed-Mohsen and Fawzi, Alhussein and Fawzi, Omar and Frossard, Pascal},
  journal={arXiv preprint},
  year={2017},
  howpublished="\url{http://aiweb.techfak.uni-bielefeld.de/content/bworld-robot-control-software/}",
}

@article{kurakin2016adversarial,
  title={Adversarial machine learning at scale},
  author={Kurakin, Alexey and Goodfellow, Ian and Bengio, Samy},
  journal={arXiv preprint arXiv:1611.01236},
  year={2016}
}

@article{su2017one,
  title={One pixel attack for fooling deep neural networks},
  author={Su, Jiawei and Vargas, Danilo Vasconcellos and Kouichi, Sakurai},
  journal={arXiv preprint arXiv:1710.08864},
  year={2017}
}

@article{storn1997differential,
  title={Differential evolution--a simple and efficient heuristic for global optimization over continuous spaces},
  author={Storn, Rainer and Price, Kenneth},
  journal={Journal of global optimization},
  volume={11},
  number={4},
  pages={341--359},
  year={1997},
  publisher={Springer}
}

@inproceedings{cisse2017parseval,
  title={Parseval networks: Improving robustness to adversarial examples},
  author={Cisse, Moustapha and Bojanowski, Piotr and Grave, Edouard and Dauphin, Yann and Usunier, Nicolas},
  booktitle={International Conference on Machine Learning},
  pages={854--863},
  year={2017}
}

@article{arjovsky2017wasserstein,
  title={Wasserstein gan},
  author={Arjovsky, Martin and Chintala, Soumith and Bottou, L{\'e}on},
  journal={arXiv preprint arXiv:1701.07875},
  year={2017}
}

@inproceedings{gulrajani2017improved,
  title={Improved training of wasserstein gans},
  author={Gulrajani, Ishaan and Ahmed, Faruk and Arjovsky, Martin and Dumoulin, Vincent and Courville, Aaron C},
  booktitle={Advances in Neural Information Processing Systems},
  pages={5769--5779},
  year={2017}
}

@article{gilmer2018adversarial,
  title={Adversarial Spheres},
  author={Gilmer, Justin and Metz, Luke and Faghri, Fartash and Schoenholz, Samuel S and Raghu, Maithra and Wattenberg, Martin and Goodfellow, Ian},
  journal={arXiv preprint arXiv:1801.02774},
  year={2018}
}

@article{brown2017adversarial,
  title={Adversarial patch},
  author={Brown, Tom B and Man{\'e}, Dandelion and Roy, Aurko and Abadi, Mart{\'\i}n and Gilmer, Justin},
  journal={arXiv preprint arXiv:1712.09665},
  year={2017}
}

@article{athalye2017synthesizing,
  title={Synthesizing robust adversarial examples},
  author={Athalye, Anish and Sutskever, Ilya},
  journal={arXiv preprint arXiv:1707.07397},
  year={2017}
}

@article{evtimov2017robust,
  title={Robust Physical-World Attacks on Deep Learning Models},
  author={Evtimov, Ivan and Eykholt, Kevin and Fernandes, Earlence and Kohno, Tadayoshi and Li, Bo and Prakash, Atul and Rahmati, Amir and Song, Dawn},
  journal={arXiv preprint arXiv:1707.08945},
  volume={1},
  year={2017}
}

@inproceedings{sharif2016accessorize,
 author = {Sharif, Mahmood and Bhagavatula, Sruti and Bauer, Lujo and Reiter, Michael K.},
 title = {Accessorize to a Crime: Real and Stealthy Attacks on State-of-the-Art Face Recognition},
 booktitle = {Proceedings of the 2016 ACM SIGSAC Conference on Computer and Communications Security},
 year = {2016},
 pages = {1528--1540},
 url = {http://doi.acm.org/10.1145/2976749.2978392},
} 

@ARTICLE{goodfellow2014explaining,
   author = {{Goodfellow}, I.~J. and {Shlens}, J. and {Szegedy}, C.},
    title = "{Explaining and Harnessing Adversarial Examples}",
  journal = {ArXiv e-prints},
archivePrefix = "arXiv",
   eprint = {1412.6572},
 primaryClass = "stat.ML",
 keywords = {Statistics - Machine Learning, Computer Science - Learning},
     year = 2014,
    month = dec,
   adsurl = {http://adsabs.harvard.edu/abs/2014arXiv1412.6572G},
  adsnote = {Provided by the SAO/NASA Astrophysics Data System}
}