% Lutov references

@article{wu2017structured,
  title={Structured Deep Hashing with Convolutional Neural Networks for Fast Person Re-identification},
  author={Wu, Lin and Wang, Yang},
  journal={arXiv preprint arXiv:1702.04179},
  year={2017}
}

@article{breiman2001random,
  title={Random forests},
  author={Breiman, Leo},
  journal={Machine learning},
  volume={45},
  number={1},
  pages={5--32},
  year={2001},
  publisher={Springer}
}

@article{dozat2016incorporating,
  title={Incorporating nesterov momentum into adam},
  author={Dozat, Timothy},
  year={2016}
}

@article{halko2011finding,
  title={Finding structure with randomness: Probabilistic algorithms for constructing approximate matrix decompositions},
  author={Halko, Nathan and Martinsson, Per-Gunnar and Tropp, Joel A},
  journal={SIAM review},
  volume={53},
  number={2},
  pages={217--288},
  year={2011},
  publisher={SIAM}
}

@article{hermans2017defense,
  title={In Defense of the Triplet Loss for Person Re-Identification},
  author={Hermans, Alexander and Beyer, Lucas and Leibe, Bastian},
  journal={arXiv preprint arXiv:1703.07737},
  year={2017}
}

@inproceedings{ioffe2015batch,
  title={Batch normalization: Accelerating deep network training by reducing internal covariate shift},
  author={Ioffe, Sergey and Szegedy, Christian},
  booktitle={International Conference on Machine Learning},
  pages={448--456},
  year={2015}
}

@article{karanam2016systematic,
  title={A Systematic Evaluation and Benchmark for Person Re-Identification: Features, Metrics, and Datasets},
  author={Karanam, Srikrishna and Gou, Mengran and Wu, Ziyan and Rates-Borras, Angels and Camps, Octavia and Radke, Richard J},
  journal={arXiv preprint arXiv:1605.09653},
  year={2016}
}

@misc{kuplyakov2016further,
  title={Further Improvement on an MCMC-based Video Tracking Algorithm},
  author={Kuplyakov, D and Shalnov, E and Konushin, A},
  year={2016},
  publisher={ГРАФИКОН}
}

@article{li2017person,
  title={Person search with natural language description},
  author={Li, Shuang and Xiao, Tong and Li, Hongsheng and Zhou, Bolei and Yue, Dayu and Wang, Xiaogang},
  journal={arXiv preprint arXiv:1702.05729},
  year={2017}
}

@inproceedings{li2014deepreid,
  title={Deepreid: Deep filter pairing neural network for person re-identification},
  author={Li, Wei and Zhao, Rui and Xiao, Tong and Wang, Xiaogang},
  booktitle={Proceedings of the IEEE Conference on Computer Vision and Pattern Recognition},
  pages={152--159},
  year={2014}
}

@inproceedings{lin2015deep,
  title={Deep learning of binary hash codes for fast image retrieval},
  author={Lin, Kevin and Yang, Huei-Fang and Hsiao, Jen-Hao and Chen, Chu-Song},
  booktitle={Proceedings of the IEEE conference on computer vision and pattern recognition workshops},
  pages={27--35},
  year={2015}
}

@article{liu2017end,
  title={End-to-end Binary Representation Learning via Direct Binary Embedding},
  author={Liu, Liu and Rahimpour, Alireza and Taalimi, Ali and Qi, Hairong},
  journal={arXiv preprint arXiv:1703.04960},
  year={2017}
}

@inproceedings{matsukawa2016hierarchical,
  title={Hierarchical gaussian descriptor for person re-identification},
  author={Matsukawa, Tetsu and Okabe, Takahiro and Suzuki, Einoshin and Sato, Yoichi},
  booktitle={Proceedings of the IEEE Conference on Computer Vision and Pattern Recognition},
  pages={1363--1372},
  year={2016}
}

@inproceedings{morozov2016background,
  title={Background subtraction using a convolutional neural network},
  author={Morozov, Fedor and Konushin, Anton},
  booktitle={Proceedings of the 26th International Conference on Computer Graphics and Vision GraphiCon},
  pages={445--447},
  year={2016}
}

@article{simonyan2014very,
  title={Very deep convolutional networks for large-scale image recognition},
  author={Simonyan, Karen and Zisserman, Andrew},
  journal={arXiv preprint arXiv:1409.1556},
  year={2014}
}

@inproceedings{ulu2016convolutional,
  title={Convolutional neural network-based representation for person re-identification},
  author={Ulu, Alper and Ekenel, Haz{\i}m Kemal},
  booktitle={Signal Processing and Communication Application Conference (SIU), 2016 24th},
  pages={945--948},
  year={2016},
  organization={IEEE}
}

@article{zhang2017deep,
  title={Deep Mutual Learning},
  author={Zhang, Ying and Xiang, Tao and Hospedales, Timothy M and Lu, Huchuan},
  journal={arXiv preprint arXiv:1706.00384},
  year={2017}
}

@inproceedings{zheng2015scalable,
  title={Scalable person re-identification: A benchmark},
  author={Zheng, Liang and Shen, Liyue and Tian, Lu and Wang, Shengjin and Wang, Jingdong and Tian, Qi},
  booktitle={Proceedings of the IEEE International Conference on Computer Vision},
  pages={1116--1124},
  year={2015}
}

@article{zheng2016person,
  title={Person re-identification: Past, present and future},
  author={Zheng, Liang and Yang, Yi and Hauptmann, Alexander G},
  journal={arXiv preprint arXiv:1610.02984},
  year={2016}
}

@inproceedings{cheng2016pedestrian,
  title={Pedestrian Color Naming via Convolutional Neural Network},
  author={Cheng, Zhiyi and Li, Xiaoxiao and Loy, Chen Change},
  booktitle={Asian Conference on Computer Vision},
  pages={35--51},
  year={2016},
  organization={Springer}
}

@misc{ wiki:informationalretrieval,
    author = "{Wikipedia contributors}",
    title = "Information retrieval --- Wikipedia{,} The Free Encyclopedia",
    year = "2017",
    url = "\url{https://en.wikipedia.org/w/index.php?title=Information_retrieval&oldid=815034293}",
    note = "[Online; accessed 18-January-2018]"
  }

% Arseev references

@inproceedings{andersson2015person,
  title={Person Identification Using Anthropometric and Gait Data from Kinect Sensor.},
  author={Andersson, Virginia Ortiz and de Ara{\'u}jo, Ricardo Matsumura},
  booktitle={AAAI},
  pages={425--431},
  year={2015}
}

@inproceedings{bobick2001gait,
  title={Gait recognition using static, activity-specific parameters},
  author={Bobick, Aaron F and Johnson, Amos Y},
  booktitle={Computer Vision and Pattern Recognition, 2001. CVPR 2001. Proceedings of the 2001 IEEE Computer Society Conference on},
  volume={1},
  pages={I--I},
  year={2001},
  organization={IEEE}
}

@article{man2006individual,
  title={Individual recognition using gait energy image},
  author={Man, Ju and Bhanu, Bir},
  journal={IEEE transactions on pattern analysis and machine intelligence},
  volume={28},
  number={2},
  pages={316--322},
  year={2006},
  publisher={IEEE}
}

@article{hofmann2014tum,
  title={The TUM Gait from Audio, Image and Depth (GAID) database: Multimodal recognition of subjects and traits},
  author={Hofmann, Martin and Geiger, J{\"u}rgen and Bachmann, Sebastian and Schuller, Bj{\"o}rn and Rigoll, Gerhard},
  journal={Journal of Visual Communication and Image Representation},
  volume={25},
  number={1},
  pages={195--206},
  year={2014},
  publisher={Elsevier}
}

@article{kastaniotis2015framework,
  title={A framework for gait-based recognition using Kinect},
  author={Kastaniotis, Dimitris and Theodorakopoulos, Ilias and Theoharatos, Christos and Economou, George and Fotopoulos, Spiros},
  journal={Pattern Recognition Letters},
  volume={68},
  pages={327--335},
  year={2015},
  publisher={Elsevier}
}

@inproceedings{lee2002gait,
  title={Gait analysis for recognition and classification},
  author={Lee, Lily and Grimson, W Eric L},
  booktitle={Automatic Face and Gesture Recognition, 2002. Proceedings. Fifth IEEE International Conference on},
  pages={155--162},
  year={2002},
  organization={IEEE}
}

@article{rouzbeh2015human,
  title={Human gait recognition using body measures and joint angles},
  author={ROUZBEH, SOHRAB and BABAEI, MAHDI},
  journal={International Journal},
  volume={6},
  number={4},
  pages={2305--1493},
  year={2015}
}

@article{yang2016relative,
  title={Relative distance features for gait recognition with Kinect},
  author={Yang, Ke and Dou, Yong and Lv, Shaohe and Zhang, Fei and Lv, Qi},
  journal={Journal of Visual Communication and Image Representation},
  volume={39},
  pages={209--217},
  year={2016},
  publisher={Elsevier}
}

@article{chhatrala2017gait,
  title={Gait recognition based on curvelet transform and PCANet},
  author={Chhatrala, Risil and Jadhav, Dattatray V},
  journal={Pattern Recognition and Image Analysis},
  volume={27},
  number={3},
  pages={525--531},
  year={2017},
}

@article{kuplyakov2017markov,
  title={Markov chain Monte Carlo based video tracking algorithm},
  author={Kuplyakov D., Shalnov E., Konushin A.},
  journal={Programming and Computer Software},
  volume={43},
  number={4},
  pages={224--229},
  year={2017},
  publisher={Springer}
}

@article{shal2016estimation,
  title={Estimation of the people position in the world coordinate system for video surveillance},
  author={Shalnov E., Gringauz A., Konushin A.},
  journal={Programming and Computer Software},
  volume={42},
  number={6},
  pages={361--366},
  year={2016},
  publisher={Springer}
}